@article{ibrahim2020machine,
	title={Machine learning techniques for satellite fault diagnosis},
	author={Ibrahim, Sara K and Ahmed, Ayman and Zeidan, M Amal Eldin and Ziedan, Ibrahim E},
	journal={Ain Shams Engineering Journal},
	volume={11},
	number={1},
	pages={45--56},
	year={2020},
	publisher={Elsevier}
}

@inproceedings{Systems1993,
	title={Knowledge based analysis of a satellite navigation system},
	author={Feucht, Uwe and Saliya, Mohamed and Subramanian, MN},
	booktitle={Proceedings of IEEE Systems Man and Cybernetics Conference-SMC},
	volume={4},
	pages={241--246},
	year={1993},
	organization={IEEE}
}

@article{tafazoli2009study,
	title={A study of on-orbit spacecraft failures},
	author={Tafazoli, Mak},
	journal={Acta Astronautica},
	volume={64},
	number={2-3},
	pages={195--205},
	year={2009},
	publisher={Elsevier}
}

@article{ross1916sun,
	title={The sun's mean longitude},
	author={Ross, Frank E},
	journal={The Astronomical Journal},
	volume={29},
	pages={152--156},
	year={1916}
}

@book{vallado2001fundamentals,
	title={Fundamentals of astrodynamics and applications},
	author={Vallado, David A},
	volume={12},
	year={2001},
	publisher={Springer Science \& Business Media}
}

@book{sobhani2009fault,
	title={Fault diagnosis of nonlinear systems using a hybrid approach},
	author={Sobhani-Tehrani, Ehsan and Khorasani, Khashayar},
	volume={383},
	year={2009},
	publisher={Springer Science \& Business Media}
}

@article{Gao2015,
	title={A survey of fault diagnosis and fault-tolerant techniques—Part II: Fault diagnosis with knowledge-based and hybrid/active approaches},
	author={Zhiwei, Gao and Cecati, Carlo and Ding, Steven X},
	year={2015}
}


@article{Reif2008,
	title={Anomaly detection by combining decision trees and parametric densities},
	author={Reif, Matthias and Goldstein, Markus and Stahl, Armin and Breuel, Thomas M},
	booktitle={2008 19th international conference on pattern recognition},
	pages={1--4},
	year={2008},
	organization={IEEE}
}

@inproceedings{bialke1998high,
	title={High fidelity mathematical modeling of reaction wheel performance},
	author={Bialke, Bill},
	booktitle={21st Annual American Astronautical Society Guidance and Control Conference},
	year={1998}
}

@article{steyn2011cubesat,
	title={Cubesat solar sail 3-axis stabilization using panel translation and magnetic torquing},
	author={Steyn, Willem H and Lappas, Vaios},
	journal={Aerospace Science and Technology},
	volume={15},
	number={6},
	pages={476--485},
	year={2011},
	publisher={Elsevier}
}

@article{Tudoroiu2007,
	title={Satellite fault diagnosis using a bank of interacting Kalman filters},
	author={Tudoroiu, N and Khorasani, K},
	journal={IEEE Transactions on Aerospace and Electronic Systems},
	volume={43},
	number={4},
	pages={1334--1350},
	year={2007},
	publisher={IEEE}
}

@techreport{Ciftciogl1991,
	title={Sensor failure detection in dynamical systems by Kalman filtering methodology},
	author={Ciftcioglu, O and Turkcan, E},
	year={1991},
	institution={Netherlands Energy Research Foundation}
}


@article{Nasrolahi2018,
	title={Sensor fault detection and recovery in satellite attitude control},
	author={Nasrolahi, Seiied Saeed and Abdollahi, Farzaneh},
	journal={Acta Astronautica},
	volume={145},
	pages={275--283},
	year={2018},
	publisher={Elsevier}
}

@article{Zhou2016,
	title={A scheme of satellite multi-sensor fault-tolerant attitude estimation},
	author={Zhou, Jun and Li, Xin and Liu, Rui and Liu, Yingying},
	journal={Transactions of the Institute of Measurement and Control},
	volume={38},
	number={9},
	pages={1053--1063},
	year={2016},
	publisher={SAGE Publications Sage UK: London, England}
}

@article{Xiong2007,
	title={Detection of satellite attitude sensor faults using the UKF},
	author={Xiong, K and Chan, CW and Zhang, HY},
	journal={IEEE Transactions on Aerospace and Electronic Systems},
	volume={43},
	number={2},
	pages={480--491},
	year={2007},
	publisher={IEEE}
}

@article{wang2019adaptive,
	title={Adaptive Kalman filtering for sensor fault estimation and isolation of satellite attitude control based on descriptor systems},
	author={Wang, Mao and Liang, Tiantian},
	journal={Transactions of the Institute of Measurement and Control},
	volume={41},
	number={6},
	pages={1686--1698},
	year={2019},
	publisher={SAGE Publications Sage UK: London, England}
}


@inproceedings{ren2014convolutional,
	title={Convolutional deep belief networks for feature extraction of EEG signal},
	author={Ren, Yuanfang and Wu, Yan},
	booktitle={2014 International joint conference on neural networks (IJCNN)},
	pages={2850--2853},
	year={2014},
	organization={IEEE}
}

@article{schmid2010dynamic,
	title={Dynamic mode decomposition of numerical and experimental data},
	author={Schmid, Peter J},
	journal={Journal of fluid mechanics},
	volume={656},
	pages={5--28},
	year={2010},
	publisher={Cambridge University Press}
}

@article{Castel2006,
	title={FDIR Strategies for Autonomous Satellite Formations-A Preliminary Report.},
	author={Castel, Charles and Gabard, Jean-Fran{\c{c}}ois and Tessier, Catherine and Laborde, Bertrand and Soumagne, Raymond},
	booktitle={AAAI Fall Symposium: Spacecraft Autonomy},
	pages={35--42},
	year={2006}
}

@inproceedings{steyn2008attitude,
	title={An attitude control system for SumbandilaSat an Earth observation satellite},
	author={Steyn, Willem H},
	booktitle={ESA 4S Symposium},
	pages={1--12},
	year={2008}
}

@article{Steyn2004Notes,
	author = {Steyn, Willem},
	title = {{AODCS EKF Estimation}},
	year = {2004}
}

@article{wie1989quarternion,
	title={Quarternion feedback regulator for spacecraft eigenaxis rotations},
	author={Wie, Bong and Weiss, Haim and Arapostathis, Ari},
	journal={Journal of Guidance, Control, and Dynamics},
	volume={12},
	number={3},
	pages={375--380},
	year={1989}
}

@inproceedings{Steyn2004Notes,
	author = {Steyn, Willem},
	booktitle = {AODCS EKF Estimation},
	isbn = {978-1-62410-301-8},
	publisher = {American Institute of Aeronautics and Astronautics},
	series = {AIAA Guidance, Navigation, and Control Conference and Exhibit},
	title = {{Ground-target tracking control of Earth-pointing satellites}}
}

@inproceedings{Chen_ground-target,
	author = {Chen, Xiaojiang and Steyn, Willem and Hashida, Yoshi},
	booktitle = {AIAA Guidance, Navigation, and Control Conference and Exhibit},
	isbn = {978-1-62410-301-8},
	publisher = {American Institute of Aeronautics and Astronautics},
	series = {AIAA Guidance, Navigation, and Control Conference and Exhibit},
	title = {{Ground-target tracking control of Earth-pointing satellites}}
}

@article{Jones2017,
	author = {van Daalen, C and Jones, T and Jaquet, D},
	file = {:home/ulrich/.local/share/data/Mendeley Ltd./Mendeley Desktop/Downloaded/Jones, Jaquet - 2017 - Advanced Estimation 813.pdf:pdf},
	title = {{Advanced Estimation 813 :}},
	year = {2017}
}

@article{Steyn2014,
	title={An attitude control system for ZA-AeroSat subject to significant aerodynamic disturbances},
	author={Steyn, Willem H and Kearney, Mike-Alec},
	journal={IFAC Proceedings Volumes},
	volume={47},
	number={3},
	pages={7929--7934},
	year={2014},
	publisher={Elsevier}
}

@article{Pilastre2020,
	title={Anomaly detection in mixed telemetry data using a sparse representation and dictionary learning},
	author={Pilastre, Barbara and Boussouf, Loic and d’Escrivan, St{\'e}phane and Tourneret, Jean-Yves},
	journal={Signal Processing},
	volume={168},
	pages={107320},
	year={2020},
	publisher={Elsevier}
}

@inproceedings{vallado2006revisiting,
	title={Revisiting spacetrack report\# 3},
	author={Vallado, David and Crawford, Paul and Hujsak, Ricahrd and Kelso, TS},
	booktitle={AIAA/AAS Astrodynamics Specialist Conference and Exhibit},
	pages={6753},
	year={2006}
}

@online{sgp4,
	title={Python Package Index - SGP4},
	url={https://pypi.org/project/sgp4/},
	urldate = {2021-03-28}, 
	author = {Brandon Rhodes},
	publisher={Python Package Index}
}

@article{hearst1998support,
	title={Support vector machines},
	author={Hearst, Marti A. and Dumais, Susan T and Osuna, Edgar and Platt, John and Scholkopf, Bernhard},
	journal={IEEE Intelligent Systems and their applications},
	volume={13},
	number={4},
	pages={18--28},
	year={1998},
	publisher={IEEE}
}

@inproceedings{cheng2019outlier,
	title={Outlier detection using isolation forest and local outlier factor},
	author={Cheng, Zhangyu and Zou, Chengming and Dong, Jianwei},
	booktitle={Proceedings of the conference on research in adaptive and convergent systems},
	pages={161--168},
	year={2019}
}

@article{Primartha2018,
	title={Anomaly detection using random forest: A performance revisited},
	author={Primartha, Rifkie and Tama, Bayu Adhi},
	booktitle={2017 International conference on data and software engineering (ICoDSE)},
	pages={1--6},
	year={2017},
	organization={IEEE}
}

@inproceedings{breunig2000lof,
	title={LOF: identifying density-based local outliers},
	author={Breunig, Markus M and Kriegel, Hans-Peter and Ng, Raymond T and Sander, J{\"o}rg},
	booktitle={Proceedings of the 2000 ACM SIGMOD international conference on Management of data},
	pages={93--104},
	year={2000}
}

@phdthesis{wessels2018infrared,
	title={Infrared horizon sensor for CubeSat implementation},
	author={Wessels, Jurie Hendrik},
	year={2018},
	school={Stellenbosch: Stellenbosch University}
}

@misc{jeger2017determination,
	title={Determination and compensation of magnetic dipole moment inapplication for a scientific nanosatellite mission},
	author={J{\'e}ger, Csaba},
	year={2017}
}

@article{ruckerl2019first,
	title={First Flight Results of the MOVE-II CubeSat},
	author={R{\"u}ckerl, Sebastian and Me{\ss}mann, David and Appel, Nicolas and Kiesbye, Jonis and Schummer, Florian and F{\"a}hling, Markus and Krempel, Lucas and Kale, Tejas and Lill, Alexander and Reina, Gonzalo and others},
	year={2019}
}

@phdthesis{van2008infrared,
	title={An infrared earth horizon sensor for a leo satellite},
	author={Van Rensburg, Helgard Marais},
	year={2008},
	school={Stellenbosch: University of Stellenbosch}
}

@article{meyer2015support,
	title={Support vector machines},
	author={Meyer, David and Wien, FT},
	journal={The Interface to libsvm in package e1071},
	volume={28},
	pages={20},
	year={2015}
}

@article{Paul2018,
	title={Improved random forest for classification},
	author={Paul, Angshuman and Mukherjee, Dipti Prasad and Das, Prasun and Gangopadhyay, Abhinandan and Chintha, Appa Rao and Kundu, Saurabh},
	journal={IEEE Transactions on Image Processing},
	volume={27},
	number={8},
	pages={4012--4024},
	year={2018},
	publisher={IEEE}
}

@article{Shi2006,
	title={Unsupervised learning with random forest predictors},
	author={Shi, Tao and Horvath, Steve},
	journal={Journal of Computational and Graphical Statistics},
	volume={15},
	number={1},
	pages={118--138},
	year={2006},
	publisher={Taylor \& Francis}
}

@article{Hariri2021,
	title={Extended isolation forest},
	author={Hariri, Sahand and Kind, Matias Carrasco and Brunner, Robert J},
	journal={IEEE Transactions on Knowledge and Data Engineering},
	volume={33},
	number={4},
	pages={1479--1489},
	year={2019},
	publisher={IEEE}
}

@article{Chen2020,
	title={Anomaly detection and critical attributes identification for products with multiple operating conditions based on isolation forest},
	author={Chen, Hansi and Ma, Hongzhan and Chu, Xuening and Xue, Deyi},
	journal={Advanced Engineering Informatics},
	volume={46},
	pages={101139},
	year={2020},
	publisher={Elsevier}
}

@article{TonyLiu2008,
	title={Isolation forest},
	author={Liu, Fei Tony and Ting, Kai Ming and Zhou, Zhi-Hua},
	booktitle={2008 eighth ieee international conference on data mining},
	pages={413--422},
	year={2008},
	organization={IEEE}
}

@phdthesis{Jordaan2016,
	title={Spinning solar sail: the deployment and control of a spinning solar sail satellite},
	author={Jordaan, Willem Hendrik},
	year={2016},
	school={Stellenbosch: Stellenbosch University}
}

@article{Liu2021,
	title={Sensors anomaly detection of industrial internet of things based on isolated forest algorithm and data compression},
	author={Liu, Desheng and Zhen, Hang and Kong, Dequan and Chen, Xiaowei and Zhang, Lei and Yuan, Mingrun and Wang, Hui},
	journal={Scientific Programming},
	volume={2021},
	year={2021},
	publisher={Hindawi}
}

@article{Malhotra2016,
	title={LSTM-based encoder-decoder for multi-sensor anomaly detection},
	author={Malhotra, Pankaj and Ramakrishnan, Anusha and Anand, Gaurangi and Vig, Lovekesh and Agarwal, Puneet and Shroff, Gautam},
	journal={arXiv preprint arXiv:1607.00148},
	year={2016}
}

@article{ibrahim2018machine,
	author = {Ibrahim, Sara K and Ahmed, Ayman and Zeidan, M Amal Eldin and Ziedan, Ibrahim E},
	journal = {IEEE Transactions on Aerospace and Electronic Systems},
	number = {4},
	pages = {1816--1827},
	publisher = {IEEE},
	title = {{Machine learning methods for spacecraft telemetry mining}},
	volume = {55},
	year = {2018}
}


@phdthesis{auret2012design,
	title={Design of an aerodynamic attitude control system for a CubeSat},
	author={Auret, Jacoba},
	year={2012},
	school={Stellenbosch: Stellenbosch University}
}

@article{Guo2014,
	title={Statistical analysis and modelling of small satellite reliability},
	author={Guo, Jian and Monas, Liora and Gill, Eberhard},
	journal={Acta Astronautica},
	volume={98},
	pages={97--110},
	year={2014},
	publisher={Elsevier}
}

@article{Hall,
	title={When Spacecraft Won't Point},
	author={Hall, Christopher D},
	journal={Advances in the Astronautical Sciences},
	volume={116},
	pages={1--7},
	year={2004}
}

@article{Denig2014,
	title={Book Review: Satellite anomalies: Benefits of a centralized anomaly database and methods for securely sharing information among satellite operators},
	author={Denig, WF and Redmon, RJ and Rodriguez, JV and Allen, JH},
	journal={Space Weather},
	volume={12},
	number={8},
	pages={528--529},
	year={2014}
}

@article{Wintoft,
	title={ANALYSIS AND PREDICTION OF SATELLITE ANOMALIES},
	author={Wintoft, Peter and Lundstedt, Henrik and Eliasson, Lars and Kalla, Leif}
}

@inproceedings{Robertson2019,
	title={Satellite GN and C anomaly trends},
	author={Robertson, Brent and Stoneking, Eric},
	booktitle={2003 AAS Guidance and Control Conference},
	number={AAS-03-071},
	year={2003}
}

@incollection{koskinen2022radiation,
	title={Radiation Belts and Their Environment},
	author={Koskinen, Hannu EJ and Kilpua, Emilia KJ},
	booktitle={Physics of Earth’s Radiation Belts},
	pages={1--25},
	year={2022},
	publisher={Springer}
}

@book{wertz2012spacecraft,
	title={Spacecraft attitude determination and control},
	author={Wertz, James R},
	volume={73},
	year={2012},
	publisher={Springer Science \& Business Media}
}

@article{diebel2006representing,
	title={Representing attitude: Euler angles, unit quaternions, and rotation vectors},
	author={Diebel, James},
	journal={Matrix},
	volume={58},
	number={15-16},
	pages={1--35},
	year={2006}
}

@article{winch2005geomagnetism,
	title={Geomagnetism and Schmidt quasi-normalization},
	author={Winch, DE and Ivers, DJ and Turner, JPR and Stening, RJ},
	journal={Geophysical Journal International},
	volume={160},
	number={2},
	pages={487--504},
	year={2005},
	publisher={Blackwell Publishing Ltd Oxford, UK}
}

@article{alken2021international,
	title={International geomagnetic reference field: the thirteenth generation},
	author={Alken, Patrick and Th{\'e}bault, Erwan and Beggan, Ciar{\'a}n D and Amit, Hagay and Aubert, J and Baerenzung, J and Bondar, TN and Brown, WJ and Califf, S and Chambodut, A and others},
	journal={Earth, Planets and Space},
	volume={73},
	number={1},
	pages={1--25},
	year={2021},
	publisher={SpringerOpen}
}

@article{swartwout2015cubesat,
	title={CubeSat database},
	author={Swartwout, Michael},
	journal={URL: https://sites. google. com/a/slu. edu/sw artwout/home/cubesat-database (visitado 12-06-2022)},
	year={2015}
}

@article{Jacklin2019,
	title={Small-satellite mission failure rates},
	author={Jacklin, Stephen A},
	year={2019}
}

@manual{SputnixSunSensor,
	organization  = "Sputnix",
	title         = "Sun sensor",
	number        = "SXC-SD-01",
	year          =  2020,
	month         = "May",    
	note          = "V13"
}

@manual{MagnetometerAAC,
	organization  = "AAC Clyde Space",
	title         = "AAC SpaceQuest MAG-3",
	note          = "Three Axis Satellite Magnetometer",
	year		  = 2022
	month		  = "May"
}

@manual{reactionWheelSinclair,
	organization  = "Sinclair Interplanetary",
	title         = "Microsatellite Reaction Wheels (RW3-0.06)",
	year		  = 2014
}

@manual{magnetorquerCubeSpace,
	organization  = "CubeSpace",
	title         = "Medium CubeTorquer",
	year		  = 2014
}

@article{colagrossi2022fault,
	title={Fault Tolerant Attitude and Orbit Determination System for Small Satellite Platforms},
	author={Colagrossi, Andrea and Lavagna, Mich{\`e}le},
	journal={Aerospace},
	volume={9},
	number={2},
	pages={46},
	year={2022},
	publisher={MDPI}
}

@article{Spilhaus1987,
	title={Space station?},
	author={Spilhaus Jr, AF},
	journal={Eos, Transactions American Geophysical Union},
	volume={68},
	number={39},
	pages={770--770},
	year={1987},
	publisher={Wiley Online Library}
}

@phdthesis{Crowell2011,
	title={Development and analysis of a small satellite attitude determination and control system testbed},
	author={Crowell, Corey Whitcomb},
	year={2011},
	school={Massachusetts Institute of Technology}
}

@article{Choi2011,
	title={Analysis of GEO spacecraft anomalies: Space weather relationships},
	author={Choi, Ho-Sung and Lee, Jaejin and Cho, Kyung-Suk and Kwak, Young-Sil and Cho, Il-Hyun and Park, Young-Deuk and Kim, Yeon-Han and Baker, Daniel N and Reeves, Geoffrey D and Lee, Dong-Kyu},
	journal={Space Weather},
	volume={9},
	number={6},
	year={2011},
	publisher={Wiley Online Library}
}

@article{allen2012satellite,
	title={Satellite Anomalies, database, National Oceanic and Atmospheric Administration, National Geophysical Data Center, 1993},
	author={Allen, Joe and Denig, William F},
	journal={As of December},
	volume={6},
	year={2012}
}

@article{ding2010application,
	title={On the application of PCA technique to fault diagnosis},
	author={Ding, Steven and Zhang, Ping and Ding, Eve and Naik, Amol and Deng, Pengcheng and Gui, Weihua},
	journal={Tsinghua Science and Technology},
	volume={15},
	number={2},
	pages={138--144},
	year={2010},
	publisher={TUP}
}

@article{choi2005fault,
	title={Fault detection and identification of nonlinear processes based on kernel PCA},
	author={Choi, Sang Wook and Lee, Changkyu and Lee, Jong-Min and Park, Jin Hyun and Lee, In-Beum},
	journal={Chemometrics and intelligent laboratory systems},
	volume={75},
	number={1},
	pages={55--67},
	year={2005},
	publisher={Elsevier}
}

@article{wiatowski2017mathematical,
	title={A mathematical theory of deep convolutional neural networks for feature extraction},
	author={Wiatowski, Thomas and B{\"o}lcskei, Helmut},
	journal={IEEE Transactions on Information Theory},
	volume={64},
	number={3},
	pages={1845--1866},
	year={2017},
	publisher={IEEE}
}

@inproceedings{hershey2007approximating,
	title={Approximating the Kullback Leibler divergence between Gaussian mixture models},
	author={Hershey, John R and Olsen, Peder A},
	booktitle={2007 IEEE International Conference on Acoustics, Speech and Signal Processing-ICASSP'07},
	volume={4},
	pages={IV--317},
	year={2007},
	organization={IEEE}
}


@article{kim2012robust,
	title={Robust kernel density estimation},
	author={Kim, JooSeuk and Scott, Clayton D},
	journal={The Journal of Machine Learning Research},
	volume={13},
	number={1},
	pages={2529--2565},
	year={2012},
	publisher={JMLR. org}
}

@inproceedings{scholkopf1999support,
	title={Support vector method for novelty detection.},
	author={Sch{\"o}lkopf, Bernhard and Williamson, Robert C and Smola, Alexander J and Shawe-Taylor, John and Platt, John C and others},
	booktitle={NIPS},
	volume={12},
	pages={582--588},
	year={1999},
	organization={Citeseer}
}

@article{do2008multivariate,
	title={The multivariate Gaussian distribution},
	author={Do, Chuong B},
	journal={Section Notes, Lecture on Machine Learning, CS},
	volume={229},
	year={2008}
}


@inproceedings{emmott2013systematic,
	title={Systematic construction of anomaly detection benchmarks from real data},
	author={Emmott, Andrew F and Das, Shubhomoy and Dietterich, Thomas and Fern, Alan and Wong, Weng-Keen},
	booktitle={Proceedings of the ACM SIGKDD workshop on outlier detection and description},
	pages={16--21},
	year={2013}
}

@inproceedings{emmott2013systematic,
	title={Systematic construction of anomaly detection benchmarks from real data},
	author={Emmott, Andrew F and Das, Shubhomoy and Dietterich, Thomas and Fern, Alan and Wong, Weng-Keen},
	booktitle={Proceedings of the ACM SIGKDD workshop on outlier detection and description},
	pages={16--21},
	year={2013}
}

@article{tax2001uniform,
	title={Uniform object generation for optimizing one-class classifiers},
	author={Tax, David MJ and Duin, Robert PW},
	journal={Journal of machine learning research},
	volume={2},
	number={Dec},
	pages={155--173},
	year={2001}
}

@inproceedings{baskaya2017fault,
	title={Fault detection \& diagnosis for small UAVs via machine learning},
	author={Baskaya, Elgiz and Bronz, Murat and Delahaye, Daniel},
	booktitle={2017 IEEE/AIAA 36th Digital Avionics Systems Conference (DASC)},
	pages={1--6},
	year={2017},
	organization={IEEE}
}

@inproceedings{dahleni2019machine,
	title={Machine learning FDI approach to aircraft failures using SIVOR simulator},
	author={Dahleni Kraemer, Aline and Villani, Emilia},
	booktitle={AIAA Scitech 2019 Forum},
	pages={0986},
	year={2019}
}

@article{omran2019efficient,
	title={Efficient anomaly classification for spacecraft reaction wheels},
	author={Omran, Ehab A and Murtada, Wael A},
	journal={Neural Computing and Applications},
	volume={31},
	number={7},
	pages={2741--2747},
	year={2019},
	publisher={Springer}
}

@article{rahimi2020fault,
	title={Fault isolation of reaction wheels onboard three-axis controlled in-orbit satellite using ensemble machine learning},
	author={Rahimi, Afshin and Saadat, Atilla},
	journal={Aerospace Systems},
	pages={1--8},
	year={2020},
	publisher={Springer}
}

@article{pevny2016loda,
	title={Loda: Lightweight on-line detector of anomalies},
	author={Pevn{\`y}, Tom{\'a}{\v{s}}},
	journal={Machine Learning},
	volume={102},
	number={2},
	pages={275--304},
	year={2016},
	publisher={Springer}
}


@article{zhang2018adaptive,
	title={Adaptive kernel density-based anomaly detection for nonlinear systems},
	author={Zhang, Liangwei and Lin, Jing and Karim, Ramin},
	journal={Knowledge-Based Systems},
	volume={139},
	pages={50--63},
	year={2018},
	publisher={Elsevier}
}

@inproceedings{liu2008isolation,
	title={Isolation forest},
	author={Liu, Fei Tony and Ting, Kai Ming and Zhou, Zhi-Hua},
	booktitle={2008 eighth ieee international conference on data mining},
	pages={413--422},
	year={2008},
	organization={IEEE}
}

@article{chen2020just,
	title={A Just-In-Time-Learning Aided Canonical Correlation Analysis Method for Multimode Process Monitoring and Fault Detection},
	author={Chen, Zhiwen and Liu, Chang and Ding, Steven and Peng, Tao and Yang, Chunhua and Gui, Weihua and Shardt, Yuri},
	journal={IEEE Transactions on Industrial Electronics},
	year={2020},
	publisher={IEEE}
}

@inproceedings{zhu2017quality,
	title={Quality-relevant fault detection of nonlinear processes based on kernel concurrent canonical correlation analysis},
	author={Zhu, Qinqin and Liu, Qiang and Qin, S Joe},
	booktitle={2017 American Control Conference (ACC)},
	pages={5404--5409},
	year={2017},
	organization={IEEE}
}

@article{chen2017fault,
	title={Fault detection for non-Gaussian processes using generalized canonical correlation analysis and randomized algorithms},
	author={Chen, Zhiwen and Ding, Steven X and Peng, Tao and Yang, Chunhua and Gui, Weihua},
	journal={IEEE Transactions on Industrial Electronics},
	volume={65},
	number={2},
	pages={1559--1567},
	year={2017},
	publisher={IEEE}
}

@article{maya2019dlstm,
	title={dLSTM: a new approach for anomaly detection using deep learning with delayed prediction},
	author={Maya, Shigeru and Ueno, Ken and Nishikawa, Takeichiro},
	journal={International Journal of Data Science and Analytics},
	volume={8},
	number={2},
	pages={137--164},
	year={2019},
	publisher={Springer}
}

@article{fukumizu2007statistical,
	title={Statistical Consistency of Kernel Canonical Correlation Analysis.},
	author={Fukumizu, Kenji and Bach, Francis R and Gretton, Arthur},
	journal={Journal of Machine Learning Research},
	volume={8},
	number={2},
	year={2007}
}

@article{do2008multivariate,
	title={The multivariate Gaussian distribution},
	author={Do, Chuong B},
	journal={Section Notes, Lecture on Machine Learning, CS},
	volume={229},
	year={2008}
}

@inproceedings{soule2005combining,
	title={Combining filtering and statistical methods for anomaly detection},
	author={Soule, Augustin and Salamatian, Kav{\'e} and Taft, Nina},
	booktitle={Proceedings of the 5th ACM SIGCOMM conference on Internet Measurement},
	pages={31--31},
	year={2005}
}

@article{eskin2000anomaly,
	title={Anomaly detection over noisy data using learned probability distributions},
	author={Eskin, Eleazar},
	year={2000}
}


@article{jin2008fault,
	title={Fault tolerant control for satellites with four reaction wheels},
	author={Jin, Jaehyun and Ko, Sangho and Ryoo, Chang-Kyung},
	journal={Control Engineering Practice},
	volume={16},
	number={10},
	pages={1250--1258},
	year={2008},
	publisher={Elsevier}
}

@incollection{benesty2009pearson,
	title={Pearson correlation coefficient},
	author={Benesty, Jacob and Chen, Jingdong and Huang, Yiteng and Cohen, Israel},
	booktitle={Noise reduction in speech processing},
	pages={1--4},
	year={2009},
	publisher={Springer}
}

@book{wander2013innovative,
	title={Innovative fault detection, isolation and recovery strategies on-board spacecraft: state of the art and research challenges},
	author={Wander, Alexandra and F{\"o}rstner, Roger},
	year={2013},
	publisher={Deutsche Gesellschaft f{\"u}r Luft-und Raumfahrt-Lilienthal-Oberth eV}
}

@article{zha2020meta,
	title={Meta-AAD: Active Anomaly Detection with Deep Reinforcement Learning},
	author={Zha, Daochen and Lai, Kwei-Herng and Wan, Mingyang and Hu, Xia},
	journal={arXiv preprint arXiv:2009.07415},
	year={2020}
}

@article{carvajal2017agent,
	title={Agent-based algorithm for fault detection and recovery of gyroscope's drift in small satellite missions},
	author={Carvajal-Godinez, Johan and Guo, Jian and Gill, Eberhard},
	journal={Acta Astronautica},
	volume={139},
	pages={181--188},
	year={2017},
	publisher={Elsevier}
}

@inproceedings{chen2000ground,
	title={Ground-target tracking control of earth-pointing satellites},
	author={Chen, Xiaojiang and Steyn, Willem and Hashida, Yoshi},
	booktitle={AIAA Guidance, Navigation, and Control Conference and Exhibit},
	pages={4547},
	year={2000}
}

@article{schmid2011applications,
	title={Applications of the dynamic mode decomposition},
	author={Schmid, Peter J and Li, Larry and Juniper, Matthew P and Pust, O},
	journal={Theoretical and Computational Fluid Dynamics},
	volume={25},
	number={1},
	pages={249--259},
	year={2011},
	publisher={Springer}
}

@article{proctor2016dynamic,
	title={Dynamic mode decomposition with control},
	author={Proctor, Joshua L and Brunton, Steven L and Kutz, J Nathan},
	journal={SIAM Journal on Applied Dynamical Systems},
	volume={15},
	number={1},
	pages={142--161},
	year={2016},
	publisher={SIAM}
}

@phdthesis{JansevanVuuren2015,
	title={The design and simulation analysis of an attitude determination and control system for a small earth observation satellite},
	author={Janse van Vuuren, Gerhard Hermann},
	year={2015},
	school={Stellenbosch: Stellenbosch University}
}

@article{Cilden-Guler2021,
	title={Attitude Estimation with Albedo Interference on Sun Sensor Measurements},
	author={Cilden-Guler, Demet and Schaub, Hanspeter and Hajiyev, Chingiz and Kaymaz, Zerefsan},
	journal={Journal of Spacecraft and Rockets},
	volume={58},
	number={1},
	pages={148--163},
	year={2021},
	publisher={American Institute of Aeronautics and Astronautics}
}


@article{DeSilva2020,
	title={Physics-informed machine learning for sensor fault detection with flight test data},
	author={de Silva, Brian M and Callaham, Jared and Jonker, Jonathan and Goebel, Nicholas and Klemisch, Jennifer and McDonald, Darren and Hicks, Nathan and Kutz, J Nathan and Brunton, Steven L and Aravkin, Aleksandr Y},
	journal={arXiv preprint arXiv:2006.13380},
	year={2020}
}

@article{van2012sensor,
	title={Sensor fault detection and isolation using adaptive extended Kalman filter},
	author={Van Eykeren, Laurens and Chu, QP and Mulder, JA},
	journal={IFAC Proceedings Volumes},
	volume={45},
	number={20},
	pages={1155--1160},
	year={2012},
	publisher={Elsevier}
}
